@article{opencv_library,
    author = {Bradski, G.},
    citeulike-article-id = {2236121},
    journal = {Dr. Dobb's Journal of Software Tools},
    keywords = {bibtex-import},
    posted-at = {2008-01-15 19:21:54},
    priority = {4},
    title = {{The OpenCV Library}},
    year = {2000}
}

@inproceedings{Pereira_LBP_2012,
  author = {de Freitas Pereira, Tiago and Anjos, Andr{\'{e}} and De Martino, Jos{\'{e}} Mario and Marcel, S{\'{e}}bastien},
  keywords = {Attack, Countermeasures, Counter-Spoofing, Face Recognition, Liveness Detection, Replay, Spoofing},
  month = nov,
  year = {2012},
  title = {{LBP-TOP based countermeasure against facial spoofing attacks}},
  booktitle = {International Workshop on Computer Vision With Local Binary Pattern Variants - ACCV},
}

@article{ojala1996comparative,
  title={A comparative study of texture measures with classification based on featured distributions},
  author={Ojala, Timo and Pietik{\"a}inen, Matti and Harwood, David},
  journal={Pattern recognition},
  volume={29},
  number={1},
  pages={51--59},
  year={1996},
  publisher={Elsevier}
}

@article{kanopoulos1988design,
  title={Design of an image edge detection filter using the Sobel operator},
  author={Kanopoulos, Nick and Vasanthavada, Nagesh and Baker, Robert L},
  journal={IEEE Journal of solid-state circuits},
  volume={23},
  number={2},
  pages={358--367},
  year={1988},
  publisher={IEEE}
}